name,fullname,price,age,makers,volume,buys,sells,liquidity,FDV,href,timestamp
PAWTUS,Pawsident of United States,$0.0001255,5m,512,$58K,453,253,$33K,$125K,https://dexscreener.com/solana/qjbi4rryktctubpucezy5diu5mhgiatp5mvdtdypn8i,2024-06-18 17:42:44
TUNA,TUNA,$0.00009169,8m,398,$84K,402,286,$170K,$9.2M,https://dexscreener.com/solana/4hurphauqeysscantb7ugpqht7zmdbptcucsnw3z57cb,2024-06-18 21:51:58,
jaky,jaky,$0.0002406,10m,805,$305K,"1,054",532,$46K,$240K,https://dexscreener.com/solana/2h4eg5ivsndcvg7kq4qjbsahmpa2nc6usggjmynnvbjp,2024-06-18 21:51:58,
Solle,SOLLE,$0.00005472,12m,465,$65K,491,324,$21K,$54K,https://dexscreener.com/solana/ghxgk3gbcxjfdkhnwycbe2nq1ygdda318ksrmd3vavgw,2024-06-18 21:51:59,
JIMMY,A dog named Jimmy,$0.00001711,13m,478,$113K,540,474,$12K,$17K,https://dexscreener.com/solana/yne8bdnpdffjngfak3hyc2goxxdprf1i1snfshccyrs,2024-06-18 21:51:59,
PVIDIA,PVIDIA,$0.00003982,23m,135,$626K,"1,857","1,735",$16K,$39K,https://dexscreener.com/solana/8x2adezdkumbaxwu4m51hdaeswzsxar4ctqgn6gpveqt,2024-06-18 21:51:59,
JIFFPOM,Jiffpom,$0.001302,27m,713,$207K,"2,137","1,700",$19K,$130K,https://dexscreener.com/solana/fkwczjixqzs5nu3qipaous5ercvm9owpcdoce6heqdil,2024-06-18 21:51:59,
aw,Another World,$0.0001070,33m,825,$292K,"1,186",839,$31K,$107K,https://dexscreener.com/solana/aqrav32idec3tqrhq6ia8chtajhk5hdaxxm5klsgvmml,2024-06-18 21:51:59,
cup,puppachino,$0.00006929,35m,927,$219K,"1,365","1,054",$24K,$66K,https://dexscreener.com/solana/d9fcmbhlkk9p1tuytsfjyu9gyz3r6vvxeuxj7dejknv,2024-06-18 21:52:00,
MISHA,ねずみ - fluffy hamster,$0.00002780,39m,"1,447",$398K,"2,027","1,803",$15K,$27K,https://dexscreener.com/solana/9bty5sxp5ppwajcif7t4pqzcmvmnsmxbljdmbrbssgyx,2024-06-18 21:52:00,
TILLY,TRUMP BILLY🇺🇸,$0.007822,49m,"1,363",$373K,"1,857",444,$1.2M,$782K,https://dexscreener.com/solana/ch5pk1shnprblofxw85jdd3opccrsjxhmtsmvhf72vwf,2024-06-18 21:52:00,
BABYPeiPei,BABYPeiPei,$0.0005801,49m,222,$671K,"4,186","5,258",$32K,$58K,https://dexscreener.com/solana/brk9jwdhhxsd1swy954vqmqjpk7bc7j8jtupc8g4ylnr,2024-06-18 21:52:00,
TUNA,TUNA,$0.00009169,8m,398,$84K,402,286,$170K,$9.2M,https://dexscreener.com/solana/4hurphauqeysscantb7ugpqht7zmdbptcucsnw3z57cb,2024-06-18 21:51:58,
jaky,jaky,$0.0002406,10m,805,$305K,"1,054",532,$46K,$240K,https://dexscreener.com/solana/2h4eg5ivsndcvg7kq4qjbsahmpa2nc6usggjmynnvbjp,2024-06-18 21:51:58,
Solle,SOLLE,$0.00005472,12m,465,$65K,491,324,$21K,$54K,https://dexscreener.com/solana/ghxgk3gbcxjfdkhnwycbe2nq1ygdda318ksrmd3vavgw,2024-06-18 21:51:59,
JIMMY,A dog named Jimmy,$0.00001711,13m,478,$113K,540,474,$12K,$17K,https://dexscreener.com/solana/yne8bdnpdffjngfak3hyc2goxxdprf1i1snfshccyrs,2024-06-18 21:51:59,
PVIDIA,PVIDIA,$0.00003982,23m,135,$626K,"1,857","1,735",$16K,$39K,https://dexscreener.com/solana/8x2adezdkumbaxwu4m51hdaeswzsxar4ctqgn6gpveqt,2024-06-18 21:51:59,
JIFFPOM,Jiffpom,$0.001302,27m,713,$207K,"2,137","1,700",$19K,$130K,https://dexscreener.com/solana/fkwczjixqzs5nu3qipaous5ercvm9owpcdoce6heqdil,2024-06-18 21:51:59,
aw,Another World,$0.0001070,33m,825,$292K,"1,186",839,$31K,$107K,https://dexscreener.com/solana/aqrav32idec3tqrhq6ia8chtajhk5hdaxxm5klsgvmml,2024-06-18 21:51:59,
cup,puppachino,$0.00006929,35m,927,$219K,"1,365","1,054",$24K,$66K,https://dexscreener.com/solana/d9fcmbhlkk9p1tuytsfjyu9gyz3r6vvxeuxj7dejknv,2024-06-18 21:52:00,
MISHA,ねずみ - fluffy hamster,$0.00002780,39m,"1,447",$398K,"2,027","1,803",$15K,$27K,https://dexscreener.com/solana/9bty5sxp5ppwajcif7t4pqzcmvmnsmxbljdmbrbssgyx,2024-06-18 21:52:00,
TILLY,TRUMP BILLY🇺🇸,$0.007822,49m,"1,363",$373K,"1,857",444,$1.2M,$782K,https://dexscreener.com/solana/ch5pk1shnprblofxw85jdd3opccrsjxhmtsmvhf72vwf,2024-06-18 21:52:00,
BABYPeiPei,BABYPeiPei,$0.0005801,49m,222,$671K,"4,186","5,258",$32K,$58K,https://dexscreener.com/solana/brk9jwdhhxsd1swy954vqmqjpk7bc7j8jtupc8g4ylnr,2024-06-18 21:52:00,
GCR,GCR,$0.051703,32s,15,$4.0K,15,0,$21K,$17K,https://dexscreener.com/solana/bi7lvioqzea5tw2wmzhzqlmrhnxeqsnbbxugrqm7asif,2024-06-18 21:52:31,
RAF,Rare AF,$0.00006334,59s,116,$14K,103,26,$23K,$63K,https://dexscreener.com/solana/7tppm4qzhtuvcrjd54o9rdwuae74gb4e1fxxzfk2dfeb,2024-06-18 21:59:07,
BEELLY,BEELLY,$0.00002056,3m,206,$35K,184,112,$13K,$20K,https://dexscreener.com/solana/2hs78bex67vkfmgjcbvoimupsxdx53er42vcr2hummdc,2024-06-18 21:59:08,
Killy,Killy,$0.00002679,4m,283,$56K,281,146,$15K,$26K,https://dexscreener.com/solana/a6lvyhqzrthp9wehygujkujht3adb34j4kbxhixrdmkj,2024-06-18 21:59:08,
Snowy,Snowy,$0.00008209,6m,509,$71K,470,278,$26K,$82K,https://dexscreener.com/solana/cu8fxm7pwek3mgufbfu9mjkzx5qais9bcgmryqkyqmmc,2024-06-18 21:59:08,
TFT,Trump Fan Token,$0.00001949,6m,96,$11K,96,70,$38K,$19K,https://dexscreener.com/solana/hiq1avfycfkcxkaqgr9bkyqjmbdphpxvfm7xw4tt12wj,2024-06-18 21:59:08,
GCR,GCR,$0.051270,7m,479,$322K,490,449,$18K,$12K,https://dexscreener.com/solana/bi7lvioqzea5tw2wmzhzqlmrhnxeqsnbbxugrqm7asif,2024-06-18 21:59:08,
GALVIN,GALVIN GOT DRIP,$0.0002817,7m,152,$37K,159,54,$38K,$281K,https://dexscreener.com/solana/4ufrgyzye6yjei1iojpvt76cr3at4mrgktcatkm6zonq,2024-06-18 21:59:09,
TUNA,TUNA,$0.00009773,15m,701,$178K,720,567,$176K,$9.8M,https://dexscreener.com/solana/4hurphauqeysscantb7ugpqht7zmdbptcucsnw3z57cb,2024-06-18 21:59:09,
jaky,jaky,$0.0002377,17m,"1,051",$470K,"1,576",892,$46K,$237K,https://dexscreener.com/solana/2h4eg5ivsndcvg7kq4qjbsahmpa2nc6usggjmynnvbjp,2024-06-18 21:59:09,
$DJT,TrumpCoin 🪙,$0.0002155,19m,78,$73K,130,45,$258K,$1.4M,https://dexscreener.com/solana/95ovhpghkby8njurr6pxyxjnc3oqjkbmc4wug6hunhuv,2024-06-18 21:59:09,
Solle,SOLLE,$0.00009357,19m,661,$97K,747,500,$28K,$93K,https://dexscreener.com/solana/ghxgk3gbcxjfdkhnwycbe2nq1ygdda318ksrmd3vavgw,2024-06-18 21:59:09,
PVIDIA,PVIDIA,$0.00004442,30m,137,$798K,"2,276","2,143",$18K,$44K,https://dexscreener.com/solana/8x2adezdkumbaxwu4m51hdaeswzsxar4ctqgn6gpveqt,2024-06-18 21:59:10,
JIFFPOM,Jiffpom,$0.002393,34m,"1,121",$259K,"2,934","2,165",$26K,$239K,https://dexscreener.com/solana/fkwczjixqzs5nu3qipaous5ercvm9owpcdoce6heqdil,2024-06-18 21:59:10,
aw,Another World,$0.00008680,41m,840,$303K,"1,232",896,$28K,$86K,https://dexscreener.com/solana/aqrav32idec3tqrhq6ia8chtajhk5hdaxxm5klsgvmml,2024-06-18 21:59:10,
cup,puppachino,$0.00005840,42m,963,$233K,"1,462","1,131",$23K,$56K,https://dexscreener.com/solana/d9fcmbhlkk9p1tuytsfjyu9gyz3r6vvxeuxj7dejknv,2024-06-18 21:59:10,
MISHA,ねずみ - fluffy hamster,$0.00003762,46m,"1,472",$447K,"2,363","2,138",$18K,$37K,https://dexscreener.com/solana/9bty5sxp5ppwajcif7t4pqzcmvmnsmxbljdmbrbssgyx,2024-06-18 21:59:10,
TILLY,TRUMP BILLY🇺🇸,$0.008383,56m,"1,486",$538K,"2,201",548,$1.3M,$838K,https://dexscreener.com/solana/ch5pk1shnprblofxw85jdd3opccrsjxhmtsmvhf72vwf,2024-06-18 21:59:11,
BABYPeiPei,BABYPeiPei,$0.0003548,56m,223,$767K,"4,966","6,093",$25K,$35K,https://dexscreener.com/solana/brk9jwdhhxsd1swy954vqmqjpk7bc7j8jtupc8g4ylnr,2024-06-18 21:59:11,
